<record xmlns="http://www.loc.gov/MARC21/slim" xmlns:xsi="http://www.w3.org/2001/XMLSchema-instance" xsi:schemaLocation="http://www.loc.gov/MARC21/slim http://www.loc.gov/standards/marcxml/schema/MARC21slim.xsd">

  <leader>00802nam a2200181   4500</leader>
  <controlfield tag="008">160503b1994    cr ||||| |||| 00| | spa d</controlfield>
  <datafield ind1=" " ind2=" " tag="090">
    <subfield code="a">06.02.04 </subfield>
    <subfield code="b">2196 </subfield>
  </datafield>
  <datafield tag="110" ind2=" " ind1="1">
    <subfield code="9">1616</subfield>
    <subfield code="a">Costa Rica. Ministerio de Educación Pública. Despacho del Ministro</subfield>
  </datafield>
  <datafield ind1="1" ind2="0" tag="245">
    <subfield code="a">Evolución de la política educativa hacia el siglo XXI-1994 /</subfield>
    <subfield code="c">Ministerio de Educación Pública. Despacho del Ministro</subfield>
  </datafield>
  <datafield ind2=" " ind1=" " tag="260">
    <subfield code="a">[San José, Costa Rica] :</subfield>
    <subfield code="b"> El Ministerio,</subfield>
    <subfield code="c">1994</subfield>
  </datafield>
  <datafield tag="300" ind2=" " ind1=" ">
    <subfield code="a">1 volumen (en varias paginaciones) </subfield>
  </datafield>
  <datafield ind2=" " ind1=" " tag="505">
    <subfield code="t">Marco de referencia para una política educativa nacional. 
</subfield>
  </datafield>
  <datafield ind1=" " ind2=" " tag="505">
    <subfield code="t">Decreto del Consejo Superior de Educación</subfield>
  </datafield>
  <datafield ind1=" " ind2=" " tag="505">
    <subfield code="t">La educación nacional como política de estado hacia el 2005. EDU 2005</subfield>
  </datafield>
  <datafield ind1="1" ind2="4" tag="650">
    <subfield code="9">451</subfield>
    <subfield code="a">POLÍTICA EDUCATIVA</subfield>
  </datafield>
  <datafield ind1="1" ind2="4" tag="650">
    <subfield code="9">1</subfield>
    <subfield code="a">EDUCACIÓN</subfield>
  </datafield>
  <datafield ind2=" " ind1=" " tag="942">
    <subfield code="2">z</subfield>
    <subfield code="c">01</subfield>
  </datafield>
  <datafield ind2=" " ind1=" " tag="999">
    <subfield code="c">3201</subfield>
    <subfield code="d">3201</subfield>
  </datafield>
</record>